@INPROCEEDINGS{GGA, 
	author={Rejeb, J. and AbuElhaij, M.}, 
	booktitle={Circuits and Systems, 2000. Proceedings of the 43rd IEEE Midwest Symposium on}, 
	title={{N}ew gender genetic algorithm for solving graph partitioning problems}, 
	year={2000}, 
	month={}, 
	volume={1}, 
	pages={444-446 vol.1}, 
	keywords={genetic algorithms;graph theory;chromosome;convergence;crossover;fitness value;gender genetic algorithm;gender selection;genetic algorithm;graph partitioning;mating;Biological cells;Circuits and systems;Genetic algorithms;Genetic mutations;Partitioning algorithms;Processor scheduling;Robustness;Routing;Testing;Very large scale integration}, 
	doi={10.1109/MWSCAS.2000.951679},}

@inproceedings{SexualGA,
	Address = {Institute for Formal Models and Verification, Johannes Kepler University},
	Author = {Wagner, S. and Affenzeller, M.},
	Booktitle = {WMSCI 2005 - The 9th World Multi-Conference on Systemics, Cybernetics and Informatics, Proceedings},
	Edition = {4},
	Number = {WMSCI 2005 - The 9th World Multi-Conference on Systemics, Cybernetics and Informatics, Proceedings},
	Pages = {76-81},
	Title = {{S}exual{G}{A}: {G}ender-specific selection for genetic algorithms.},
	Volume = {4},
	URL = {http://search.ebscohost.com/login.aspx?direct=true&db=edselc&AN=edselc.2-52.0-33847106895&lang=pl&site=eds-live&authtype=ip,uid},
	Year = {2005},
}

@book{davis1991handbook,
	title={Handbook of genetic algorithms},
	author={Davis, Lawrence and others},
	volume={115},
	year={1991},
	publisher={Van Nostrand Reinhold New York}
}

@inproceedings{gen_prog,
	title={A representation for the adaptive generation of simple sequential programs},
	author={Cramer, Nichael Lynn},
	booktitle={Proceedings of the First International Conference on Genetic Algorithms},
	pages={183--187},
	year={1985}
}

@article{gen_prog_foo_approx,
	year={2003},
	issn={1389-2576},
	journal={Genetic Programming and Evolvable Machines},
	volume={4},
	number={3},
	doi={10.1023/A:1025176407779},
	title={Automated Discovery of Numerical Approximation Formulae via Genetic Programming},
	url={http://dx.doi.org/10.1023/A%3A1025176407779},
	publisher={Kluwer Academic Publishers},
	keywords={genetic programming; approximations; symbolic regression; Pareto optimality},
	author={Streeter, Matthew and Becker, LeeA.},
	pages={255-286},
	language={English}
}
